@book{Han2009Theoretical,
	journal = {Texts in Applied Mathematics},
	doi = {},
	isbn = {},
	issn = {},
	language = {},
	publisher = {Springer New York},
	title = {Theoretical Numerical Analysis},
	url = {},
	author = {Han, Weimin and Atkinson, Kendall E.},
	date = {2009},
	year = {2009},
}
@book{Süli2003Introduction,
	doi = {},
	isbn = {},
	publisher = {Cambridge University Press},
	title = {An Introduction to Numerical Analysis},
	url = {},
	author = {Süli, Endre and Mayers, David F.},
	date = {},
	year = {2003}
}
@book{Pugh2015Real,
	journal = {Undergraduate Texts in Mathematics},
	doi = {},
	isbn = {},
	issn = {},
	publisher = {Springer International Publishing},
	title = {Real Mathematical Analysis},
	url = {},
	author = {Pugh, Charles C.},
	date = {2015},
	year = {2015},
}
@book{Kainth2023Comprehensive,
	publisher = {Springer Nature Singapore},
	title = {A Comprehensive Textbook on Metric Spaces},
	url = {},
	author = {Kainth, Surinder Pal Singh},
	date = {2023},
	year = {2023},
}
@book{Zhang2011Matrix,
	isbn = {9781461410997},
	publisher = {Springer},
	title = {Matrix Theory},
	author = {Zhang, Fuzhen},
	date = {2011},
	year = {2011},
}
@book{Ascher1995Numerical,
	publisher = {Society for Industrial and Applied Mathematics},
	title = {Numerical Solution of Boundary Value Problems for Ordinary Differential Equations},
	author = {Ascher, U. M.},
	date = {1995},
	year = {1995},
}